<record><leader>00000cas a22000007a 4500</leader><controlfield tag="001">13776802</controlfield><controlfield tag="008">860625c19769999mtuwr ne      0   a0eng d</controlfield><datafield ind1=" " ind2=" " tag="010"><subfield code="a">sn 86075233 </subfield></datafield><datafield ind1=" " ind2=" " tag="040"><subfield code="a">MTL</subfield><subfield code="b">eng</subfield><subfield code="c">MTL</subfield><subfield code="d">NSD</subfield><subfield code="d">OCLCQ</subfield></datafield><datafield ind1=" " ind2=" " tag="012"><subfield code="l">1</subfield><subfield code="m">1</subfield></datafield><datafield ind1="1" ind2=" " tag="022"><subfield code="a">0889-5627</subfield><subfield code="l">0889-5627</subfield><subfield code="2">1</subfield></datafield><datafield ind1=" " ind2=" " tag="032"><subfield code="a">235620</subfield><subfield code="b">USPS</subfield></datafield><datafield ind1=" " ind2=" " tag="037"><subfield code="b">The Times Clarion, P.O. Box 307, Harlowton, MT 59036-0307</subfield></datafield><datafield ind1=" " ind2=" " tag="042"><subfield code="a">msc</subfield><subfield code="a">nsdp</subfield></datafield><datafield ind1="0" ind2=" " tag="130"><subfield code="a">Times clarion (Harlowton, Mont.)</subfield></datafield><datafield ind1=" " ind2="4" tag="222"><subfield code="a">The Times clarion</subfield><subfield code="b">(Harlowton, Mont.)</subfield></datafield><datafield ind1="1" ind2="4" tag="245"><subfield code="a">The times clarion.</subfield></datafield><datafield ind1=" " ind2=" " tag="260"><subfield code="a">Harlowton, Mont. :</subfield><subfield code="b">Times-Clarion Pub.,</subfield><subfield code="c">1976-</subfield></datafield><datafield ind1=" " ind2=" " tag="300"><subfield code="a">v. :</subfield><subfield code="b">ill. ;</subfield><subfield code="c">58 cm.</subfield></datafield><datafield ind1=" " ind2=" " tag="310"><subfield code="a">Weekly</subfield></datafield><datafield ind1="0" ind2=" " tag="362"><subfield code="a">58th year, no. 39 (Apr. 1, 1976)-</subfield></datafield><datafield ind1=" " ind2=" " tag="580"><subfield code="a">Formed by the union of: Harlowton times; and: Eastern Montana Clarion.</subfield></datafield><datafield ind1=" " ind2=" " tag="588"><subfield code="a">Latest issue consulted: 68th year, no. 35 (Thursday, June 19, 1986).</subfield></datafield><datafield ind1=" " ind2=" " tag="752"><subfield code="a">United States</subfield><subfield code="b">Montana</subfield><subfield code="c">Wheatland</subfield><subfield code="d">Harlowton.</subfield></datafield><datafield ind1="1" ind2="4" tag="780"><subfield code="t">Harlowton times</subfield><subfield code="w">(DLC)sn 86075232</subfield></datafield><datafield ind1="1" ind2="4" tag="780"><subfield code="t">Eastern Montana clarion</subfield><subfield code="w">(DLC)sn 86075235</subfield></datafield></record>